<?xml version="1.0" encoding="UTF-8"?><collection xmlns="http://www.loc.gov/MARC21/slim"><record><leader>00397nam--2200145-i-4500</leader><controlfield tag="001">000001801</controlfield><controlfield tag="002">20161230</controlfield><controlfield tag="005">20161230201024</controlfield><controlfield tag="008">060222s1000------------r-----000-0-eng-d</controlfield><datafield ind1=" " ind2=" " tag="080"><subfield code="a">517.2/3</subfield></datafield><datafield ind1="1" ind2=" " tag="100"><subfield code="a">Franklin, Philip</subfield></datafield><datafield ind1="1" ind2="0" tag="245"><subfield code="a">Differential and integral calculus</subfield></datafield><datafield ind1=" " ind2=" " tag="260"><subfield code="a">New York, Mcgraw_hill Book Co., Inc., 1953. Xi + 641 P</subfield></datafield><datafield ind1=" " ind2=" " tag="852"><subfield code="a">27434</subfield><subfield code="c">517.2/3</subfield></datafield><datafield ind1=" " ind2=" " tag="CAT"><subfield code="a">Sys</subfield><subfield code="c">20080717</subfield><subfield code="h">081157</subfield></datafield></record></collection>